% Encoding: UTF-8

@Proceedings{Oliveira,
  title  = {Adaptive genetic neuro-fuzzy attitude control for a fixed wing UAV},
  year   = {2017},
  editor = {Hugo Andrade de Oliveira and Paulo Fernando Ferreira Rosa},
  doi    = {10.1109/ICIT.2017.7915449},
}

@Comment{jabref-meta: databaseType:bibtex;}
